@article{process_matrix,
Author = {Ognyan Oreshkov and Fabio Costa and Caslav Brukner},
Title = {Quantum correlations with no causal order},
Year = {2011},
Eprint = {arXiv:1105.4464},
Howpublished = {Nature Communications 3, 1092 (2012)},
Doi = {10.1038/ncomms2076},
}

@article{quantum_instrument,
author = "Davies, E. B. and Lewis, J. T.",
fjournal = "Communications in Mathematical Physics",
journal = "Comm. Math. Phys.",
number = "3",
pages = "239--260",
publisher = "Springer",
title = "An operational approach to quantum probability",
url = "http://projecteuclid.org/euclid.cmp/1103842336",
volume = "17",
year = "1970"
}
@article{cj_iso1,
    author = {Jamiolkowski, A.},
    citeulike-article-id = {5300749},
    citeulike-linkout-0 = {http://dx.doi.org/10.1016/0034-4877(72)90011-0},
    doi = {10.1016/0034-4877(72)90011-0},
    issn = {00344877},
    journal = {Reports on Mathematical Physics},
    keywords = {quantum\_mechanics, quantum\_tomography},
    month = dec,
    number = {4},
    pages = {275--278},
    posted-at = {2010-06-28 07:20:20},
    priority = {2},
    title = {{Linear transformations which preserve trace and positive semidefiniteness of operators}},
    url = {http://dx.doi.org/10.1016/0034-4877(72)90011-0},
    volume = {3},
    year = {1972}
}

@article{cj_iso2,
title = "Completely positive linear maps on complex matrices",
journal = "Linear Algebra and its Applications",
volume = "10",
number = "3",
pages = "285 - 290",
year = "1975",
note = "",
issn = "0024-3795",
doi = "http://dx.doi.org/10.1016/0024-3795(75)90075-0",
url = "http://www.sciencedirect.com/science/article/pii/0024379575900750",
author = "Man-Duen Choi",
}

@article{max_violation,
Author = {Caslav Brukner},
Title = {Bounding quantum correlations with indefinite causal order},
Year = {2014},
Eprint = {arXiv:1404.0721},
Howpublished = {New J. Phys. 17, 073020 (2015)},
Doi = {10.1088/1367-2630/17/8/083034},
}

@article{mp_gyni,
Author = {M. L. Almeida and J. -D. Bancal and N. Brunner and A. Acin and N. Gisin and S. Pironio},
Title = {Guess your neighbour's input: a multipartite non-local game with no quantum advantage},
Year = {2010},
Eprint = {arXiv:1003.3844},
Howpublished = {Phys. Rev. Lett. 104, 230404 (2010)},
Doi = {10.1103/PhysRevLett.104.230404},
}

@article{causal_model,
Author = {Adrien Feix and Mateus Araújo and Časlav Brukner},
Title = {Causally nonseparable processes admitting a causal model},
Year = {2016},
Eprint = {arXiv:1604.03391},
Howpublished = {New J. Phys. 18 (2016) 083040},
Doi = {10.1088/1367-2630/18/8/083040},
}

@article{fund,
Author = {M. Keyl},
Title = {Fundamentals of Quantum Information Theory},
Year = {2002},
Eprint = {arXiv:quant-ph/0202122},
Howpublished = {Phys. Rep. 369, no. 5, 431-548 (2002)},
Doi = {10.1016/S0370-1573(02)00266-1},
}

@article{memory,
Author = {Dennis Kretschmann and Reinhard F. Werner},
Title = {Quantum Channels with Memory},
Year = {2005},
Eprint = {arXiv:quant-ph/0502106},
Doi = {10.1103/PhysRevA.72.062323},
}

@article{review,
Author = {Ryszard Horodecki and Pawel Horodecki and Michal Horodecki and Karol Horodecki},
Title = {Quantum entanglement},
Year = {2007},
Eprint = {arXiv:quant-ph/0702225},
Howpublished = {Rev.Mod.Phys.81:865-942,2009},
Doi = {10.1103/RevModPhys.81.865},
}

@article{causal_witness,
Author = {Mateus Araújo and Cyril Branciard and Fabio Costa and Adrien Feix and Christina Giarmatzi and Časlav Brukner},
Title = {Witnessing causal nonseparability},
Year = {2015},
Eprint = {arXiv:1506.03776},
Howpublished = {New J. Phys. 17 (2015) 102001},
Doi = {10.1088/1367-2630/17/10/102001},
}

@misc{experiment,
Author = {Giulia Rubino and Lee A. Rozema and Adrien Feix and Mateus Araújo and Jonas M. Zeuner and Lorenzo M. Procopio and Časlav Brukner and Philip Walther},
Title = {Experimental Verification of an Indefinite Causal Order},
Year = {2016},
Eprint = {arXiv:1608.01683},
}

@misc{purification,
Author = {Mateus Araújo and Adrien Feix and Miguel Navascués and Časlav Brukner},
Title = {A purification postulate for quantum mechanics with indefinite causal order},
Year = {2016},
Eprint = {arXiv:1611.08535},
}






@article{reversible,
author = {Asher Peres},
title = {Quantum Measurements Are Reversible},
journal = {American Journal of Physics},
volume = {42},
number = {10},
pages = {886-891},
year = {1974},
doi = {10.1119/1.1987884},

URL = { 
        http://dx.doi.org/10.1119/1.1987884
    
},
eprint = { 
        http://dx.doi.org/10.1119/1.1987884
    
}

}

@article{logic,
Author = {Ämin Baumeler and Stefan Wolf},
Title = {The space of logically consistent classical processes without causal order},
Year = {2015},
Eprint = {arXiv:1507.01714},
Howpublished = {New J. Phys. 18, 013036, 2016},
Doi = {10.1088/1367-2630/18/1/013036},
}


  	
@article{gell_mann,
  author={Reinhold A Bertlmann and Philipp Krammer},
  title={Bloch vectors for qudits},
  journal={Journal of Physics A: Mathematical and Theoretical},
  volume={41},
  number={23},
  pages={235303},
  url={http://stacks.iop.org/1751-8121/41/i=23/a=235303},
  year={2008},
  abstract={We present three different matrix bases that can be used to decompose density matrices of d -dimensional quantum systems, so-called qudits: the generalized Gell–Mann matrix basis , the polarization operator basis and the Weyl operator basis . Such a decomposition can be identified with a vector—the Bloch vector, i.e. a generalization of the well-known qubit case—and is a convenient expression for comparison with measurable quantities and for explicit calculations avoiding the handling of large matrices. We present a new method to decompose density matrices via so-called standard matrices, consider the important case of an isotropic two-qudit state and decompose it according to each basis. In the case of qutrits we show a representation of an entanglement witness in terms of expectation values of spin-1 measurements, which is appropriate for an experimental realization.}
}
	
@article{partial_trace,
Author = {Jonas Maziero},
Title = {Computing partial traces and reduced density matrices},
Year = {2016},
Eprint = {arXiv:1601.07458},
Howpublished = {Int. J. Mod. Phys. C 28, 1750005 (2017)},
Doi = {10.1142/S012918311750005X},
}